<record><leader>00000cas a22000007a 4500</leader><controlfield tag="001">15277832</controlfield><controlfield tag="008">870306d18391840msuwr ne      0   a0eng d</controlfield><datafield ind1=" " ind2=" " tag="010"><subfield code="a">sn 87065188 </subfield></datafield><datafield ind1=" " ind2=" " tag="040"><subfield code="a">MJA</subfield><subfield code="b">eng</subfield><subfield code="c">MJA</subfield><subfield code="d">MSJ</subfield><subfield code="d">CRL</subfield><subfield code="d">OCL</subfield><subfield code="d">OCLCQ</subfield><subfield code="d">OCLCF</subfield><subfield code="d">OCLCO</subfield><subfield code="d">DLC</subfield></datafield><datafield ind1="0" ind2=" " tag="022"><subfield code="a">2469-5033</subfield><subfield code="2">1</subfield></datafield><datafield ind1=" " ind2=" " tag="042"><subfield code="a">msc</subfield><subfield code="a">nsdp</subfield></datafield><datafield ind1=" " ind2=" " tag="043"><subfield code="a">n-us-ms</subfield></datafield><datafield ind1="0" ind2="0" tag="050"><subfield code="a">Newspaper</subfield></datafield><datafield ind1="1" ind2="0" tag="082"><subfield code="a">071</subfield><subfield code="2">23</subfield></datafield><datafield ind1=" " ind2="0" tag="222"><subfield code="a">Holly Springs banner</subfield><subfield code="b">(Print)</subfield></datafield><datafield ind1="0" ind2="0" tag="245"><subfield code="a">Holly Springs banner.</subfield></datafield><datafield ind1=" " ind2=" " tag="260"><subfield code="a">Holly Springs, Mi. [i.e. Miss.] :</subfield><subfield code="b">George W. Pittman,</subfield><subfield code="c">1839-</subfield></datafield><datafield ind1=" " ind2=" " tag="310"><subfield code="a">Weekly</subfield></datafield><datafield ind1="0" ind2=" " tag="362"><subfield code="a">Vol. 1, no. 20 (June 2, 1839)-</subfield></datafield><datafield ind1="1" ind2=" " tag="362"><subfield code="a">Ceased in Mar. 1840.</subfield></datafield><datafield ind1=" " ind2=" " tag="530"><subfield code="a">Archived issues are available in digital format from the Library of Congress Chronicling America online collection.</subfield></datafield><datafield ind1=" " ind2="0" tag="651"><subfield code="a">Holly Springs (Miss.)</subfield><subfield code="v">Newspapers.</subfield></datafield><datafield ind1=" " ind2="7" tag="651"><subfield code="a">Mississippi</subfield><subfield code="z">Holly Springs.</subfield><subfield code="2">fast</subfield><subfield code="0">(OCoLC)fst01219889</subfield></datafield><datafield ind1=" " ind2="7" tag="655"><subfield code="a">Newspapers.</subfield><subfield code="2">fast</subfield><subfield code="0">(OCoLC)fst01423814</subfield></datafield><datafield ind1=" " ind2=" " tag="752"><subfield code="a">United States</subfield><subfield code="b">Mississippi</subfield><subfield code="c">Marshall</subfield><subfield code="d">Holly Springs.</subfield></datafield><datafield ind1="0" ind2="8" tag="776"><subfield code="i">Online version:</subfield><subfield code="t">Holly Springs banner</subfield><subfield code="x">2469-5041</subfield><subfield code="w">(DLC)  2015270596</subfield><subfield code="w">(OCoLC)929898287</subfield></datafield><datafield ind1="0" ind2="0" tag="780"><subfield code="t">Southern banner (Holly Springs, Miss.)</subfield><subfield code="w">(DLC)sn 87016789</subfield><subfield code="w">(OCoLC)10112301</subfield></datafield><datafield ind1="0" ind2="0" tag="785"><subfield code="t">Conservative, and Holly Springs banner</subfield><subfield code="w">(DLC)sn 83016788</subfield><subfield code="w">(OCoLC)10112256</subfield></datafield><datafield ind1="4" ind2="1" tag="856"><subfield code="u">http://www.loc.gov/chroniclingamerica/lccn/sn87065188/issues</subfield></datafield></record>